@book{http,
    author = {{David Gourley /  Brian Totty}},
    title = {{HTTP权威指南}},
    publisher = {{人民邮电出版社}},
    year = {{2012}},
    month = {{9}}
}
@book{python,
    author = {{Magnus Lie Hetland }},
    title = {{Python基础教程}},
    publisher = {{人民邮电出版社}},
    year = {{2010}},
    month = {{7}}
}
@misc{mongodb,
    title = {{MongoDB}},
    howpublished = {\url{http://en.wikipedia.org/wiki/MongoDB}}
}
@misc{tornado,
    title = {{Tornado User's guid}},
    howpublished = {\url{http://www.tornadoweb.org/en/stable/guide/intro.html}}
}
@misc{feedparser,
    title = {{Feedparser documentation}},
    howpublished = {\url{https://pythonhosted.org/feedparser/introduction.html}}
}
@misc{pymongo,
    title = {{Pymongo documentation}},
    howpublished = {\url{https://pypi.python.org/pypi/pymongo/}}
}

@misc{pocket,
    title = {{Pocket Authentication API Documentation}},
    howpublished = {\url{http://getpocket.com/developer/docs/authentication}}
}
@misc{yxbj,
    title = {{印象笔记 Python SDK 快速入门指南}},
    howpublished = {\url{https://dev.yinxiang.com/doc/start/python.php}}
}
@misc{oauth,
    title = {{理解OAuth 2.0}},
    howpublished = {\url{http://www.ruanyifeng.com/blog/2014/05/oauth_2_0.html}}
}
@misc{restful,
    title = {{理解RESTful架构}},
    howpublished = {\url{http://www.ruanyifeng.com/blog/2011/09/restful.html}}
}

